@article{example2020,
  title={Example Article for Bibliography},
  author={Smith, John},
  journal={Journal of Economic Examples},
  year={2020},
  volume={1},
  pages={1-10}
}
