@article{alpertNBERWORKINGPAPER,
  title = {NBER WORKING PAPER SERIES},
  author = {Alpert, Abby E and Evans, William N and Lieber, Ethan M J and Powell, David},
  year = {2023}
}

@article{caseRisingMorbidityMortality2015,
  title = {Rising Morbidity and Mortality in Midlife among White Non-Hispanic Americans in the 21st Century},
  author = {Case, Anne and Deaton, Angus},
  year = {2015},
  month = dec,
  journal = {Proceedings of the National Academy of Sciences},
  volume = {112},
  number = {49},
  pages = {15078--15083},
  doi = {10.1073/pnas.1518393112}
}

@article{CoalProductionEmployment,
  title  = {Coal Production and Employment in the Appalachian Region, 2000--2023},
  author = {{Appalachian Regional Commission}},
  year   = {2023}
  url = {https://www.arc.gov/wp-content/uploads/2024/10/Coal-Production-and-Employment-in-the-Appalachian-Region-2024.pdf}
}

@article{havensLongitudinalTrendsNonmedical2020,
  title = {Longitudinal Trends in Nonmedical Prescription Opioid Use in a Cohort of Rural Appalachian People Who Use Drugs},
  author = {Havens, Jennifer R. and Knudsen, Hannah K. and Young, April M. and Lofwall, Michelle R. and Walsh, Sharon L.},
  year = {2020},
  month = nov,
  journal = {Preventive Medicine},
  volume = {140},
  pages = {106194},
  doi = {10.1016/j.ypmed.2020.106194}
}

@article{hollingsworthMacroeconomicConditionsOpioid2017,
  title = {Macroeconomic Conditions and Opioid Abuse},
  author = {Hollingsworth, Alex and Ruhm, Christopher J. and Simon, Kosali},
  year = {2017},
  month = dec,
  journal = {Journal of Health Economics},
  volume = {56},
  pages = {222--233},
  doi = {10.1016/j.jhealeco.2017.07.009}
}

@article{krauseSELECTIVEMIGRATIONREGIONAL,
  title = {SELECTIVE MIGRATION AND REGIONAL DECLINE: EVIDENCE FROM COAL COUNTRY},
  author = {Krause, Eleanor},
  year = {2020}
}

@article{liuShortLongrunImpacts2021,
  title = {The Short- and Long-Run Impacts of Secondary School Absences},
  author = {Liu, Jing and Lee, Monica and Gershenson, Seth},
  year = {2021},
  month = jul,
  journal = {Journal of Public Economics},
  volume = {199},
  pages = {104441},
  doi = {10.1016/j.jpubeco.2021.104441}
}

@article{moodySubstanceUseRural2017,
  title = {Substance Use in Rural Central Appalachia: Current Status and Treatment Considerations},
  author = {Moody, Lara N. and Satterwhite, Emily and Bickel, Warren K.},
  year = {2017},
  month = apr,
  journal = {Journal of Rural Mental Health},
  volume = {41},
  number = {2},
  pages = {123--135},
  doi = {10.1037/rmh0000064}
}

@article{rhoad-drogalisAbsenteeismAppalachianPreschool2018,
  title = {Absenteeism in Appalachian Preschool Classrooms and Children's Academic Achievement},
  author = {Rhoad-Drogalis, Anna and Justice, Laura M.},
  year = {2018},
  month = jul,
  journal = {Journal of Applied Developmental Psychology},
  volume = {58},
  pages = {1--8},
  doi = {10.1016/j.appdev.2018.07.004}
}

@article{srygleyAPPALACHIANREGIONDATA,
  title = {{{THE APPALACHIAN REGION}}: {{A DATA OVERVIEW FROM THE}} 2019-2023 {{AMERICAN COMMUNITY SURVEY Chartbook}}},
  author = {Srygley, Sara and Khairunnisa, Nurfadila and Elliott, Diana},
  year = {2023}
}

@article{zulligComparativeAnalysisHealthRelated2010,
  title = {A Comparative Analysis of Health-Related Quality of Life for Residents of U.S. Counties with and without Coal Mining},
  author = {Zullig, Keith J. and Hendryx, Michael},
  year = {2010},
  month = jul,
  journal = {Public Health Reports},
  volume = {125},
  number = {4},
  pages = {548--555},
  doi = {10.1177/003335491012500410}
}
