@misc{CommunityRatingSystem2020,
  author = {FEMA},
  title = {Community Rating System Fact Sheet},
  year = {2020},
  howpublished = {Available at \url{https://www.fema.gov/flood-insurance/rules-legislation/community-rating-system}},
  note = {Federal Emergency Management Agency, accessed September 17, 2025}
}

@article{Davlasheridze2017,
  author = {Davlasheridze, Meri and Fisher-Vanden, Karen and Klaiber, H. Allen},
  title = {The Effects of Adaptation Measures on Hurricane Induced Property Losses: Which FEMA Investments Have the Highest Returns?},
  journal = {Journal of Environmental Economics and Management},
  volume = {81},
  year = {2017},
  pages = {93--114},
  doi = {10.1016/j.jeem.2016.09.005},
  url = {https://linkinghub.elsevier.com/retrieve/pii/S0095069616302923}
}

@article{Kousky2018,
  author = {Kousky, Carolyn and Michel-Kerjan, Erwann O. and Raschky, Paul A.},
  title = {Does Federal Disaster Assistance Crowd Out Flood Insurance?},
  journal = {Journal of Environmental Economics and Management},
  volume = {87},
  year = {2018},
  pages = {150--164},
  doi = {10.1016/j.jeem.2017.05.010},
  url = {https://linkinghub.elsevier.com/retrieve/pii/S0095069617303479}
}

@misc{NFIPPricingApproach,
  author = {FEMA},
  title = {National Flood Insurance Program's Pricing Approach},
  year = {2023},
  howpublished = {Available at \url{https://www.fema.gov/flood-insurance/risk-rating}},
  note = {Federal Emergency Management Agency, accessed September 17, 2025}
}

@misc{noaaUSBillionDollarWeather2025,
  author = {NOAA NCEI},
  title = {U.S. Billion-Dollar Weather and Climate Disasters},
  year = {2025},
  howpublished = {Available at \url{https://www.ncei.noaa.gov/access/billions/}},
  doi = {10.25921/stkw-7w73},
  note = {NOAA National Centers for Environmental Information, accessed September 17, 2025}
}