@Article{boeriHighSpeedBroadbandSchool2023,
  title = {High-{{Speed Broadband}}, {{School Closures}} and {{Educational Achievements}}},
  author = {Boeri, Filippo},
  year = {2023},
  eprinttype = {SSRN},
  doi = {10.2139/ssrn.4441745},
  url = {https://www.ssrn.com/abstract=4441745},
}

@article{dettlingEveryLittleBit2015,
  title = {Every {{Little Bit Counts}}: {{The Impact}} of {{High-speed Internet}} on the {{Transition}} to {{College}}},
  shorttitle = {Every {{Little Bit Counts}}},
  author = {Dettling, Lisa J. and Goodman, Sarena F. and Smith, Jonathan},
  year = {2015},
  month = nov,
  journal = {Finance and Economics Discussion Series},
  volume = {2015},
  number = {108},
  pages = {1--51},
  issn = {1936-2854},
  doi = {10.17016/feds.2015.108},
  }


@online{federalcommunicationscommisionSummarySecondERate,
  title = {Summary of the {{Second E-Rate Modernization Order}} | {{Federal Communications Commission}}},
  author = {{Federal Communications Commission}},
  year = {2014}
  url = {https://www.fcc.gov/general/summary-second-e-rate-modernization-order},
}

@article{flammFederalSubsidiesBroadband2015,
  title = {Federal {{Subsidies}} and {{Broadband Competition}}},
  author = {Flamm, Kenneth},
  year = {2015},
  journaltitle = {SSRN Electronic Journal},
  shortjournal = {SSRN Journal},
  issn = {1556-5068},
  doi = {10.2139/ssrn.2587353},
  url = {http://www.ssrn.com/abstract=2587353},
}

@article{hazlettEducationalImpactBroadband2019,
  title = {The Educational Impact of Broadband Subsidies for Schools under {{E-rate}}},
  author = {Hazlett, Thomas W. and Schwall, Ben and Wallsten, Scott},
  year = {2019},
  journaltitle = {Economics of Innovation and New Technology},
  shortjournal = {Economics of Innovation and New Technology},
  volume = {28},
  number = {5},
  pages = {483--497},
  issn = {1043-8599, 1476-8364},
  doi = {10.1080/10438599.2018.1527554},
  url = {https://www.tandfonline.com/doi/full/10.1080/10438599.2018.1527554},

}

@article{srygleyAPPALACHIANREGIONDATA,
  title = {{{THE APPALACHIAN REGION}}: {{A DATA OVERVIEW FROM THE}} 2019-2023 {{AMERICAN COMMUNITY SURVEY Chartbook}}},
  author = {Srygley, Sara and Khairunnisa, Nurfadila and Elliott, Diana},
  year = {2023}
  langid = {english},
  file = {/Users/atwest2/Zotero/storage/7AD65X83/Srygley et al. - THE APPALACHIAN REGION A DATA OVERVIEW FROM THE 2019-2023 AMERICAN COMMUNITY SURVEY Chartbook.pdf}
}
